@inproceedings{clouston18,
  title={Fitch-style modal lambda calculi},
  author={Clouston, Ranald},
  booktitle={Foundations of Software Science and Computation Structures: 21st International Conference, FOSSACS 2018, Held as Part of the European Joint Conferences on Theory and Practice of Software, ETAPS 2018, Thessaloniki, Greece, April 14--20, 2018. Proceedings 21},
  pages={258--275},
  year={2018},
  organization={Springer}
}

@article{valliappan22,
  title={Normalization for fitch-style modal calculi},
  author={Valliappan, Nachiappan and Ruch, Fabian and Tom{\'e} Corti{\~n}as, Carlos},
  journal={Proceedings of the ACM on Programming Languages},
  volume={6},
  number={ICFP},
  pages={772--798},
  year={2022},
  publisher={ACM New York, NY, USA}
}

@phdthesis{borghuis94,
  title={Coming to Terms with Modal Logic: On the Interpretation of Modalities in Typed L-calculus},
  author={Borghuis, Valentijn Anton Johan},
  year={1994},
  publisher={Technische Universiteit Eindhoven}
}

@book{fitch52,
  title={Symbolic logic: An introduction},
  author={Fitch, Frederic Brenton},
  year={1952},
  publisher={Ronald Press Co},
}

@article{kripke63,
  title={Semantical analysis of modal logic I. Normal modal propositional calculi},
  author={Kripke, Saul A},
  journal={Mathematical Logic Quarterly},
  volume={9},
  number={5-6},
  pages={67--96},
  year={1963},
  publisher={WILEY-VCH Verlag Berlin GmbH Berlin},
  doi={10.1002/malq.19630090502}
}

@inproceedings{berger91,
  title={An inverse of the evaluation functional for typed lambda-calculus},
  author={Berger, Ulrich and Schwichtenberg, Helmut},
  year={1991},
  booktitle={Proceedings Sixth Annual IEEE Symposium on Logic in Computer Science},
  publisher={IEEE Computer Society Press, Los Alamitos},
  pages={203-211},
  doi={10.1109/LICS.1991.151645}
}

@book{norell07,
  title={Towards a practical programming language based on dependent type theory},
  author={Norell, Ulf},
  volume={32},
  year={2007},
  publisher={Chalmers University of Technology}
}

@article{davies01,
  title={A modal analysis of staged computation},
  author={Davies, Rowan and Pfenning, Frank},
  journal={Journal of the ACM (JACM)},
  volume={48},
  number={3},
  pages={555--604},
  year={2001},
  publisher={ACM New York, NY, USA}
}

@article{leone94,
  title={Lightweight Run-Time Code Generation.},
  author={Leone, Mark and Lee, Peter},
  journal={PEPM},
  volume={94},
  pages={97--106},
  year={1994}
}

@inproceedings{altenkirch95,
  title={Categorical reconstruction of a reduction free normalization proof},
  author={Altenkirch, Thorsten and Hofmann, Martin and Streicher, Thomas},
  booktitle={Category Theory and Computer Science},
  volume={953},
  pages={182--199},
  year={1995}
}

@mastersthesis{kovacs17,
  title={A Machine-Checked Correctness Proof of Normalization by Evaluation for Simply Typed Lambda Calculus},
  author={Kov{\'a}cs, Andr{\'a}s},
  year={2017},
  school={E{\"o}tv{\"o}s Lor{\'a}nd University},
  address={Budapest},
  url={https://andraskovacs.github.io/pdfs/mscthesis.pdf},
}

@unpublished{valliappan-r,
  title={Fitch-Style Applicative Functors (Extended Abstract)},
  author={Valliappan, Nachiappan and Ruch, Fabian},
  note={Draft 2023},
  url={https://nachivpn.me/r.pdf},
  urldate={2023-04-04},
}

@inproceedings{wadler89,
  title={Theorems for free!},
  author={Wadler, Philip},
  booktitle={Proceedings of the fourth international conference on Functional programming languages and computer architecture},
  pages={347--359},
  year={1989}
}

@book{huth04,
  title={Logic in Computer Science: Modelling and reasoning about systems},
  author={Huth, Michael and Ryan, Mark},
  year={2004},
  publisher={Cambridge university press}
}

@techreport{plotkin73,
  type = {Memorandum},
  title = {Lambda Definability and Logical Relations},
  url = {https://homepages.inf.ed.ac.uk/gdp/publications/logical_relations_1973.pdf},
  number = {SAI-RM-4},
  institution = {University of Edinburgh},
  author = {Plotkin, G. D.},
  year = {1973},
}

@article{howard80,
  title={The formulae-as-types notion of construction},
  author={Howard, William A},
  journal={To HB Curry: essays on combinatory logic, lambda calculus and formalism},
  volume={44},
  pages={479--490},
  year={1980}
}

@article{church40,
  title={A formulation of the simple theory of types},
  author={Church, Alonzo},
  journal={The journal of symbolic logic},
  volume={5},
  number={2},
  pages={56--68},
  year={1940},
  publisher={Cambridge University Press}
}

@inproceedings{allais17,
  title={Type-and-scope safe programs and their proofs},
  author={Allais, Guillaume and Chapman, James and McBride, Conor and McKinna, James},
  booktitle={Proceedings of the 6th ACM SIGPLAN Conference on Certified Programs and Proofs},
  pages={195--207},
  year={2017}
}

@article{pfenning95,
  title={On a modal $\lambda$-calculus for S4},
  author={Pfenning, Frank and Wong, Hao-Chi},
  journal={Electronic Notes in Theoretical Computer Science},
  volume={1},
  pages={515--534},
  year={1995},
  publisher={Elsevier}
}

@article{kavvos20,
  title={Dual-context calculi for modal logic},
  author={Kavvos, Georgios Alexandros},
  journal={Logical Methods in Computer Science},
  volume={16},
  year={2020},
  publisher={Episciences.org}
}

@article{hu23,
  title={A categorical normalization proof for the modal lambda-calculus},
  author={Hu, Jason ZS and Pientka, Brigitte},
  journal={Electronic Notes in Theoretical Informatics and Computer Science},
  volume={1},
  year={2023},
  publisher={Episciences. org}
}

@book{pierce02,
  title={Types and programming languages},
  author={Pierce, Benjamin C},
  year={2002},
  publisher={MIT press}
}
